## Articles

@article{Catastrophes,
  title={Lattice paths with catastrophes},
  author={Banderier, Cyril and Wallner, Michael},
  journal={Discrete Math. Theor. Comput. Sci.},
  volume={19},
  number={1},
  year={2017}
}

@article{DyckWords,
  title={On the enumeration and generation of generalized Dyck words},
  author={Duchon, Philippe},
  journal={Discrete Math. },
  volume={225},
  number={1-3},
  pages={121--135},
  year={2000}
}

@article{Basic,
  title={Basic analytic combinatorics of directed lattice paths},
  author={Banderier, Cyril and Flajolet, Philippe},
  journal={Theoret. Comput. Sci.},
  volume={281},
  number={1-2},
  pages={37--80},
  year={2002}
}

@article{ContinuedFractions,
  title={Combinatorial aspects of continued fractions},
  author={Flajolet, Philippe},
  journal={Discrete Math. },
  volume={32},
  number={2},
  pages={125--161},
  year={1980}
}

@article{ImagesAndPreimages,
  title={Images and preimages in random mappings},
  author={Drmota, Michael and Soria, Michele},
  journal={SIAM Journal on Discrete Math. },
  volume={10},
  number={2},
  pages={246--269},
  year={1997}
}

@incollection{Basketball,
  title={Explicit formulas for enumeration of lattice paths: basketball and the kernel method},
  booktitle={Lattice Path Combinatorics and Applications},
  author={Banderier, Cyril and Krattenthaler, Christian and Krinik, Alan and Kruchinin, Dmitry and Kruchinin, Vladimir and Nguyen, David and Wallner, Michael},
  publisher={Springer},
  pages={78--118},
  year={2019}
}

@article{BoundedWalks,
  title={Bounded discrete walks},
  author={Banderier, Cyril and Nicod{\`e}me, Pierre},
  journal={Discrete Math.  \& Theoretical Computer Science},
  year={2010}
}

@article{GamblersRuin,
  title={Gambler’s ruin with catastrophes and windfalls},
  author={Hunter, Blake and Krinik, A.C. and Nguyen, Chau and Switkes, Jennifer M and Von Bremen, Hubertus F},
  journal={J. Stat. Theory Pract.},
  volume={2},
  pages={199--219},
  year={2008}
}

@article{LatticeAnimals,
  title={Lattice animals and heaps of dimers},
  author={Bousquet-M{\'e}lou, Mireille and Rechnitzer, Andrew},
  journal={Discrete Math. },
  volume={258},
  number={1-3},
  pages={235--274},
  year={2002}
}

@article{LinearRecurrences,
  title={Linear recurrences with constant coefficients: the multivariate case},
  author={Bousquet-M{\'e}lou, Mireille and Petkov{\v{s}}ek, Marko},
  journal={Discrete Math. },
  volume={225},
  number={1-3},
  pages={51--75},
  year={2000}
}

@incollection{RationalSlope,
  title={The kernel method for lattice paths below a line of rational slope},
  author={Banderier, Cyril and Wallner, Michael},
  booktitle={Lattice Path Combinatorics and Applications},
  publisher={Springer},
  pages={119--154},
  year={2019}
}

@article{QueueingTheory,
  title={Dual processes to solve single server systems},
  author={Krinik, Alan and Rubino, Gerardo and Marcus, Daniel and Swift, Randall J and Kasfy, Hassan and Lam, Holly},
  journal={J. Statist. Plann. Inference},
  volume={135},
  number={1},
  pages={121--147},
  year={2005}
}

@article{Bijections,
  title={Bijections from {D}yck and {M}otzkin meanders with catastrophes to pattern avoiding {D}yck paths},
  author={Baril, Jean-Luc and Kirgizov, Sergey},
  journal={Discrete Math. Lett.},
  volume={7},
  pages={5--10},
  year={2021}
}

@article{Percolation,
  title={On two-dimensional percolation},
  author={Conway, Andrew R. and Guttmann, Anthony J.},
  journal={J. Phys. A: Math. and Gen.},
  volume={28},
  number={4},
  pages={891--904},
  year={1995},
}

@article{Polymers,
  title={Statistics of collapsing lattice animals},
  author={Flesia, S. and Gaunt, D.S. and Soteros, C.E. and Whittington, S.G.},
  journal={J. Phys. A: Math. and Gen.},
  volume={27},
  number={17},
  pages={5831--5846},
  year={1994},
}

@article{Heaps,
  title={Problèmes combinatoires posés par la physique statistique},
  author={Viennot, G{\'e}rard},
  journal={Astérisque},
  volume={121--122},
  pages={225-246},
  year={1985}
}

@article{DirectedAnimals,
  title={Equivalence of the two-dimensional directed-site animal problem to {Baxter}'s hard-square lattice-gas model},
  author={Dhar, Deepak},
  journal={Phys. Rev. Lett.},
  volume={49},
  number={14},
  pages={959--962},
  year={1982},
}

@article{ReflectionPrinciple,
  title={Lost (and found) in translation: Andr{\'e}'s actual method and its application to the generalized ballot problem},
  author={Renault, Marc},
  journal={Amer. Math. Monthly},
  volume={115},
  number={4},
  pages={358--363},
  year={2008}
}

@article{FirstLatticePath,
  title={Arrangements of m things of one sort and n things of another sort, under certain conditions of priority},
  author={Whitworth, William A.},
  journal={Messenger Math.},
  volume={8},
  pages={105--114},
  year={1878}
}

@article{HistoryLatticePathEnumeration,
  title={A history and a survey of lattice path enumeration},
  author={Humphreys, Katherine},
  journal={J. Statist. Plann. Inference},
  volume={140},
  number={8},
  pages={2237--2254},
  year={2010}
}

@article{DrmotaSoria,
  title={Images and preimages in random mappings},
  author={Drmota, Michael and Soria, Michele},
  journal={SIAM J. Discrete Math. },
  volume={10},
  number={2},
  pages={246--269},
  year={1997},
}

@article{Bizley,
  title={Derivation of a new formula for the number of minimal lattice paths from (0, 0) to (km, kn) having just t contacts with the line my = nx and having no points above this line; and a proof of {Grossman's} formula for the number of paths which may touch but do not rise above this line},
  author={Bizley, Michael Terence Lewis},
  journal={J. Inst. Actuar.},
  volume={80},
  number={1},
  pages={55--62},
  year={1954}
}

@article{RandomWalksResetting,
  title={First order transition for the optimal search time of {L\'evy} flights with resetting},
  author={Kusmierz, Lukasz and Majumdar, Satya N. and Sabhapandit, Sanjib and Schehr, Gr{\'e}gory},
  journal={Phys. Rev. Lett.},
  volume={113},
  pages={220602},
  year={2014}
}

@article{SingularityAnalysis,
  title={Singularity analysis of generating functions},
  author={Flajolet, Philippe and Odlyzko, Andrew},
  journal={SIAM J. Discrete Math.},
  volume={3},
  number={2},
  pages={216--240},
  year={1990}
}

@article{SmallSteps,
  title={Walks with small steps in the quarter plane},
  author={Bousquet-M{\'e}lou, Mireille and Mishna, Marni},
  journal={Contemp. Math.},
  volume={520},
  pages={1--40},
  year={2010}
}


@incollection{BallotTheorems,
  title={Ballot theorems, old and new},
  author={Addario-Berry, Luigi and Reed, Bruce A},
  booktitle={Horizons of combinatorics},
  pages={9--35},
  year={2008}
}

## Books

@book{AnalyticCombinatorics,
  title={Analytic combinatorics},
  author={Flajolet, Philippe and Sedgewick, Robert},
  year={2009},
  publisher={Cambridge University press}
}

@book{CatalanNumbers,
  title={Catalan numbers},
  author={Stanley, Richard P.},
  year={2015},
  publisher={Cambridge University Press}
}

@book{ComplexFunctions,
  title={Theory of complex functions},
  author={Remmert, Reinhold},
  volume={122},
  year={1991},
  publisher={Springer Science \& Business Media}
}

@book{EnumerativeCombinatorics,
  title={Enumerative Combinatorics: Volume 2},
  author={Stanley, Richard},
  year={2023},
  publisher={CAMBRIDGE University Press}
}


@book{Funktionentheorie,
  title={Funktionentheorie. Eine Einf{\"u}hrung. Sechste Auflage},
  author={J{\"a}nich, Klaus},
  year={2004},
  publisher={Springer}
}

@book{Knuth,
  title={The Art of Computer Programming. Vol. 1; Fundamental algorithms},
  author={Knuth, Donald E.},
  edition={Third},
  year={1997},
  publisher={Addison-Wesley}
}

@book{Hadamard,
  title={The Psychology of Invention in the Mathematical Field},
  author={Hadamard, Jacques},
  year={1945},
  publisher={Princeton University Press}
}

@book{GeneratingFunctionology,
  title={generatingfunctionology},
  author={Wilf, Herbert S.},
  year={2005},
  publisher={CRC Press}
}

@book{Riordan,
  title={Combinatorial Identities},
  author={Riordan, John},
  year={1968},
  publisher={Wiley},
}

@book{Berge,
  title={Principes de combinatoire},
  author={Berge, Claude},
  year={1968},
  publisher={Dunod}
}

@book{Lang,
  title={Linear Algebra},
  author={Lang, Serge},
  year={1966},
  publisher={Addison-Wesley}
}

@book{Schoutens,
  title={L{\'e}vy Processes in Finance: Pricing Financial Derivatives},
  author={Schoutens, Wim},
  year={2003},
  publisher={John Wiley \& Sons}
}

@book{Mingatu,
  title={Quick Methods for Accurate Values of Circle Segments},
  author={Myangat, Sharabiin}
}
## Lecture Notes

@inproceedings{Invitation,
  title={An invitation to analytic combinatorics and lattice path counting},
  author={Lackner, Marie-Louise and Wallner, Michael},
  booktitle={Lecture note of the 2015 ALEA in Europe Young Researchers' Workshop},
  year={2015}
}

## Theses

@mastersthesis{Wallner,
  title={Lattice path combinatorics},
  author={Wallner, Michael},
  school={TU Wien},
  year={2013}
}


## OEIS

 @misc{OEIS,
  author={OEIS Foundation Inc.},
  title={The On-Line Encyclopedia of Integer Sequences},
  howpublished = {Published electronically at \url{https://oeis.org}},
  year={2024},
  url={http://oeis.org/?language=english},
} 